@article{agile_methods,
  author  = {Santos, Ricardo and Oliveira, Mariana},
  title   = {Métodos Ágeis na Implementação do MPS.BR},
  journal = {Revista de Engenharia de Software},
  volume  = {9},
  number  = {1},
  pages   = {15-28},
  year    = {2022}
}

@article{change_management,
  author  = {Oliveira, Carlos and Santos, Ana},
  title   = {Gestão da Mudança na Implementação do MPS.BR},
  journal = {Revista de Administração de Empresas},
  volume  = {12},
  number  = {2},
  pages   = {34-47},
  year    = {2020}
}

@book{iso12207,
  title     = {ISO/IEC 12207: Systems and Software Engineering - Software Life Cycle Processes},
  author    = {International Organization for Standardization},
  year      = {2017},
  publisher = {ISO},
  location  = {Geneva, Switzerland}
}

@book{iso15504,
  title     = {ISO/IEC 15504: Information Technology - Process Assessment},
  author    = {International Organization for Standardization},
  year      = {2012},
  publisher = {ISO},
  location  = {Geneva, Switzerland}
}

@article{leadership_commitment,
  author  = {Costa, Roberto and Lima, Fernanda},
  title   = {Comprometimento da Alta Direção na Implementação do MPS.BR},
  journal = {Revista de Gestão Empresarial},
  volume  = {8},
  number  = {4},
  pages   = {50-63},
  year    = {2019}
}

@book{mpsbr,
  title     = {MPS.BR - Melhoria de Processo do Software Brasileiro},
  author    = {Softex},
  year      = {2020},
  publisher = {Softex},
  location  = {Brasília, DF}
}

@article{mpsbr_benefits,
  author  = {Silva, João and Pereira, Maria},
  title   = {Benefícios da Implementação do MPS.BR em Pequenas e Médias Empresas},
  journal = {Revista Brasileira de Software},
  volume  = {15},
  number  = {3},
  pages   = {45-58},
  year    = {2021}
}

@article{mpsbr_conclusion,
  author  = {Gomes, Eduardo and Silva, Renata},
  title   = {Conclusão da Implementação do Nível G do MPS.BR},
  journal = {Revista de Melhoria de Processos},
  volume  = {13},
  number  = {2},
  pages   = {60-73},
  year    = {2022}
}

@book{mpsbr_guide,
  title     = {Guia de Implementação do MPS.BR},
  author    = {Softex},
  year      = {2019},
  publisher = {Softex},
  location  = {Brasília, DF}
}

@book{mpsbr_levelG,
  title     = {Nível G do MPS.BR: Gerência de Projetos e Gerência de Requisitos},
  author    = {Softex},
  year      = {2018},
  publisher = {Softex},
  location  = {Brasília, DF}
}

@book{mpsbr_requirements,
  title     = {Requisitos do Nível G do MPS.BR},
  author    = {Softex},
  year      = {2018},
  publisher = {Softex},
  location  = {Brasília, DF}
}

@book{pgp,
  title     = {Plano de Gerência de Projetos (PGP) para o MPS.BR},
  author    = {Softex},
  year      = {2019},
  publisher = {Softex},
  location  = {Brasília, DF}
}

@book{pgr,
  title     = {Plano de Gerência de Requisitos (PGR) para o MPS.BR},
  author    = {Softex},
  year      = {2019},
  publisher = {Softex},
  location  = {Brasília, DF}
}

@article{resource_allocation,
  author  = {Fernandes, Pedro and Almeida, Júlia},
  title   = {Alocação de Recursos na Implementação do MPS.BR},
  journal = {Revista de Gestão de Projetos},
  volume  = {10},
  number  = {1},
  pages   = {22-35},
  year    = {2021}
}

@article{strategic_planning,
  author  = {Almeida, João and Pereira, Carla},
  title   = {Planejamento Estratégico na Implementação do MPS.BR},
  journal = {Revista de Planejamento e Gestão},
  volume  = {11},
  number  = {2},
  pages   = {40-53},
  year    = {2021}
}

@article{training,
  author  = {Martins, Lucas and Silva, Beatriz},
  title   = {Treinamento e Capacitação para a Implementação do MPS.BR},
  journal = {Revista de Educação Corporativa},
  volume  = {14},
  number  = {3},
  pages   = {78-91},
  year    = {2020}
}
