@article{ai_automation,
  author  = {Pereira, Lucas e Souza, Mariana},
  title   = {Inteligência Artificial na Automação de Data Centers: Aplicações e Desafios},
  journal = {Revista Brasileira de Computação Aplicada},
  volume  = {14},
  number  = {2},
  pages   = {45-58},
  year    = {2023}
}

@book{capacity_planning,
  title     = {Planejamento de Capacidade em Data Centers: Metodologias e Práticas},
  author    = {Torres, Renato e Campos, Aline},
  year      = {2022},
  publisher = {LTC},
  location  = {Rio de Janeiro, RJ}
}

@book{cloud_infrastructure,
  title     = {Infraestrutura em Nuvem para Data Centers Modernos},
  author    = {Souza, Ricardo e Oliveira, Patrícia},
  year      = {2023},
  publisher = {Atlas},
  location  = {São Paulo, SP}
}

@article{containerization,
  author  = {Soares, Victor e Costa, Isabela},
  title   = {Containerização e Orquestração em Infraestrutura de Data Centers},
  journal = {Revista Brasileira de Sistemas de Informação},
  volume  = {12},
  number  = {4},
  pages   = {103-118},
  year    = {2022}
}

@book{cooling_technologies,
  title     = {Tecnologias de Resfriamento para Data Centers de Alta Densidade},
  author    = {Ferreira, Thiago e Lopes, Mariana},
  year      = {2023},
  publisher = {Érica},
  location  = {São Paulo, SP}
}

@book{datacenter_automation,
  title     = {Automação e Orquestração de Infraestrutura em Data Centers},
  author    = {Pinto, Rafael e Oliveira, Marina},
  year      = {2022},
  publisher = {Érica},
  location  = {São Paulo, SP}
}

@book{datacenter_monitoring,
  title     = {Monitoramento Avançado de Infraestrutura em Data Centers},
  author    = {Carvalho, Diego e Santos, Amanda},
  year      = {2023},
  publisher = {Brasport},
  location  = {Rio de Janeiro, RJ}
}

@book{datacenter_networking,
  title     = {Redes em Data Centers: Fundamentos e Tecnologias Emergentes},
  author    = {Cardoso, Rafael e Mendes, Luciana},
  year      = {2023},
  publisher = {Novatec},
  location  = {São Paulo, SP}
}

@book{datacenter_security,
  title     = {Segurança em Data Centers: Estratégias Físicas e Lógicas},
  author    = {Lima, Marcelo e Pereira, Juliana},
  year      = {2023},
  publisher = {Bookman},
  location  = {Porto Alegre, RS}
}

@article{dcim_evolution,
  author  = {Barros, Leonardo e Fonseca, Juliana},
  title   = {Evolução dos Sistemas DCIM: Da Gestão Reativa à Preditiva},
  journal = {Revista de Gestão de TI},
  volume  = {17},
  number  = {3},
  pages   = {78-95},
  year    = {2023}
}

@book{dcim_systems,
  title     = {Sistemas DCIM: Gestão Integrada de Infraestrutura de Data Centers},
  author    = {Azevedo, Marcos e Gomes, Tatiana},
  year      = {2021},
  publisher = {Novatec},
  location  = {São Paulo, SP}
}

@book{design_principles,
  title     = {Princípios de Design para Data Centers Modernos},
  author    = {Silveira, Roberto e Almeida, Camila},
  year      = {2022},
  publisher = {Elsevier Brasil},
  location  = {Rio de Janeiro, RJ}
}

@article{disaster_recovery,
  author  = {Nascimento, André e Vieira, Cláudia},
  title   = {Estratégias de Recuperação de Desastres em Data Centers Críticos},
  journal = {Revista de Segurança da Informação},
  volume  = {19},
  number  = {2},
  pages   = {45-62},
  year    = {2022}
}

@article{edge_computing,
  author  = {Menezes, Rafael e Santos, Daniela},
  title   = {Edge Computing e Micro Data Centers: Tendências para Processamento Distribuído},
  journal = {Revista de Infraestrutura Digital},
  volume  = {16},
  number  = {2},
  pages   = {34-49},
  year    = {2022}
}

@article{energy_efficiency,
  author  = {Monteiro, Paulo e Lima, Beatriz},
  title   = {Métricas de Eficiência Energética em Data Centers: PUE e Além},
  journal = {Revista Brasileira de Eficiência Energética},
  volume  = {15},
  number  = {2},
  pages   = {34-49},
  year    = {2023}
}

@article{green_datacenters,
  author  = {Almeida, Felipe e Martins, Carolina},
  title   = {Data Centers Verdes: Tecnologias e Práticas Sustentáveis},
  journal = {Revista Brasileira de Energia Renovável},
  volume  = {12},
  number  = {3},
  pages   = {78-93},
  year    = {2022}
}

@book{hyperscale_datacenters,
  title     = {Data Centers Hiperescala: Arquitetura e Operações},
  author    = {Vasconcelos, Pedro e Moraes, Fernanda},
  year      = {2022},
  publisher = {Campus},
  location  = {São Paulo, SP}
}

@article{liquid_cooling,
  author  = {Nunes, Carlos e Silva, Eduardo},
  title   = {Resfriamento Líquido em Data Centers: Eficiência e Densidade Computacional},
  journal = {Revista Brasileira de Engenharia Térmica},
  volume  = {14},
  number  = {3},
  pages   = {89-102},
  year    = {2022}
}

@book{modular_datacenters,
  title     = {Data Centers Modulares: Projetos e Implementações},
  author    = {Rocha, Gustavo e Ferreira, Bianca},
  year      = {2021},
  publisher = {Elsevier Brasil},
  location  = {Rio de Janeiro, RJ}
}

@article{network_fabric,
  author  = {Ribeiro, Miguel e Costa, Adriana},
  title   = {Arquiteturas de Rede Spine-Leaf em Data Centers Modernos},
  journal = {Revista Brasileira de Redes e Telecomunicações},
  volume  = {15},
  number  = {4},
  pages   = {112-127},
  year    = {2022}
}

@article{power_distribution,
  author  = {Teixeira, Ricardo e Miranda, Luisa},
  title   = {Distribuição Elétrica em Data Centers: Arquiteturas Modernas e Sustentabilidade},
  journal = {Revista de Engenharia Elétrica e Controle},
  volume  = {18},
  number  = {2},
  pages   = {45-60},
  year    = {2023}
}

@book{reliability_engineering,
  title     = {Engenharia de Confiabilidade em Data Centers: Métodos e Aplicações},
  author    = {Andrade, Marcelo e Dias, Cristina},
  year      = {2022},
  publisher = {Bookman},
  location  = {Porto Alegre, RS}
}

@article{software_defined,
  author  = {Machado, Bruno e Oliveira, Fernanda},
  title   = {Data Centers Definidos por Software: Evolução e Tendências},
  journal = {Revista de Tecnologia da Informação},
  volume  = {16},
  number  = {3},
  pages   = {67-82},
  year    = {2023}
}